<?xml version = "1.0" encoding = "UTF-8"?>
<OAI-PMH xmlns="http://www.openarchives.org/OAI/2.0/" xmlns:xsi="http://www.w3.org/2001/XMLSchema-instance"
	xsi:schemaLocation="http://www.openarchives.org/OAI/2.0/ http://www.openarchives.org/OAI/2.0/OAI-PMH.xsd">
	<ListRecords>
		<record>
			<header>
				<identifier>aleph-publish:000000502</identifier>
			</header>
			<metadata>
				<record xmlns="http://www.loc.gov/MARC21/slim" xmlns:xsi="http://www.w3.org/2001/XMLSchema-instance"
					xsi:schemaLocation="http://www.loc.gov/MARC21/slim
http://www.loc.gov/standards/marcxml/schema/MARC21slim.xsd">
					<leader>     naa a22      a 4500</leader>
					<controlfield tag="LDR">     naa a22      a 4500</controlfield>
					<controlfield tag="001">20010911 08195900</controlfield>
					<controlfield tag="003">CZ PrNK</controlfield>
					<controlfield tag="005">20120203153423.0</controlfield>
					<controlfield tag="008">010711e20010709xr           u      cze</controlfield>
					<datafield tag="040" ind1=" " ind2=" ">
						<subfield code="a">CBA001</subfield>
						<subfield code="b">cze</subfield>
						<subfield code="d">ABA001</subfield>
						<subfield code="9">2</subfield>
					</datafield>
					<datafield tag="043" ind1=" " ind2=" ">
						<subfield code="a">e-au---</subfield>
						<subfield code="a">e-sz---</subfield>
						<subfield code="a">e-xr---</subfield>
						<subfield code="b">e-xr-jc</subfield>
						<subfield code="2">czenas</subfield>
					</datafield>
					<datafield tag="080" ind1=" " ind2=" ">
						<subfield code="a">72/76</subfield>
						<subfield code="2">undef</subfield>
					</datafield>
					<datafield tag="080" ind1=" " ind2=" ">
						<subfield code="a">929</subfield>
						<subfield code="2">undef</subfield>
					</datafield>
					<datafield tag="080" ind1=" " ind2=" ">
						<subfield code="a">(436)</subfield>
						<subfield code="2">undef</subfield>
					</datafield>
					<datafield tag="080" ind1=" " ind2=" ">
						<subfield code="a">(494)</subfield>
						<subfield code="2">undef</subfield>
					</datafield>
					<datafield tag="080" ind1=" " ind2=" ">
						<subfield code="a">(437.319)</subfield>
						<subfield code="2">undef</subfield>
					</datafield>
					<datafield tag="100" ind1="1" ind2=" ">
						<subfield code="a">Kogler, Peter</subfield>
						<subfield code="4">aut</subfield>
					</datafield>
					<datafield tag="245" ind1="1" ind2="0">
						<subfield code="a">Výstava je pro umělce premiérou /</subfield>
						<subfield code="c">Peter Kogler, Johannes Gachnang ; Eva Zajíčková ; foto: MAFA - Jaroslav Sýbek</subfield>
					</datafield>
					<datafield tag="500" ind1=" " ind2=" ">
						<subfield code="a">Akce: Společná výstava děl P. Koglera a J. Gachnanga. České Budějovice. (CZ). 03.07.-12.08.2001</subfield>
					</datafield>
					<datafield tag="500" ind1=" " ind2=" ">
						<subfield code="a">Deskriptory: Rozhovory</subfield>
					</datafield>
					<datafield tag="600" ind1="1" ind2="7">
						<subfield code="a">Artmann, Hans Carl,</subfield>
						<subfield code="d">1921-2000</subfield>
						<subfield code="7">jo20000080542</subfield>
						<subfield code="2">czenas</subfield>
					</datafield>
					<datafield tag="600" ind1="1" ind2="4">
						<subfield code="a">Kogler, Peter</subfield>
					</datafield>
					<datafield tag="600" ind1="1" ind2="4">
						<subfield code="a">Gachnang, Johannes</subfield>
					</datafield>
					<datafield tag="610" ind1="2" ind2="4">
						<subfield code="a">Dům umění (České Budějovice, Česko)</subfield>
					</datafield>
					<datafield tag="650" ind1="0" ind2="7">
						<subfield code="a">výstavy</subfield>
						<subfield code="7">ph116705</subfield>
						<subfield code="z">České Budějovice (Česko)</subfield>
						<subfield code="y">2001</subfield>
						<subfield code="2">czenas</subfield>
					</datafield>
					<datafield tag="653" ind1="0" ind2=" ">
						<subfield code="a">rakouští výtvarníci</subfield>
						<subfield code="a">švýcarští výtvarníci</subfield>
					</datafield>
					<datafield tag="700" ind1="1" ind2=" ">
						<subfield code="a">Sýbek, Jaroslav,</subfield>
						<subfield code="d">1949-</subfield>
						<subfield code="7">jn19990216173</subfield>
						<subfield code="4">pht</subfield>
					</datafield>
					<datafield tag="700" ind1="1" ind2=" ">
						<subfield code="a">Gachnang, Johannes</subfield>
						<subfield code="4">aut</subfield>
					</datafield>
					<datafield tag="700" ind1="1" ind2=" ">
						<subfield code="a">Zajíčková, Eva</subfield>
						<subfield code="4">ivr</subfield>
					</datafield>
					<datafield tag="773" ind1="0" ind2=" ">
						<subfield code="t">Mladá fronta Dnes</subfield>
						<subfield code="g">Roč. 12, č. 157 (20010709), příloha Jižní Čechy Dnes, s. C/3 : il.</subfield>
						<subfield code="q">12:157</subfield>
						<subfield code="9">20010709</subfield>
					</datafield>
					<datafield tag="910" ind1=" " ind2=" ">
						<subfield code="a">CBA001</subfield>
						<subfield code="x">20010911-08195900</subfield>
					</datafield>
					<datafield tag="998" ind1=" " ind2=" ">
						<subfield code="a">http://aleph.nkp.cz/F/?func=direct&amp;doc_number=000000502&amp;local_base=ANL</subfield>
					</datafield>
				</record>
			</metadata>
		</record>
	</ListRecords>
</OAI-PMH>
